@book{Author2025,
    author = {Peter J. Author and Richard A. Author},
    doi = {1010},
    isbn = {3030},
    publisher = {Some Publisher},
    title = {A Curious Book Title},
    year = {2025}
}

@article{Author1999,
  author = {Jane Author and Laura Author and Mary Author},
  doi = {2225},
  isbn = {3050},
  journal = {Some Renowned Journal},
  title = {A Groundbreaking Article},
  year = {1999}
}
